<record><leader>00000cas a2200000 a 4500</leader><controlfield tag="001">47882394</controlfield><controlfield tag="008">010830d19661967cauwr ne      0    0eng c</controlfield><datafield ind1=" " ind2=" " tag="010"><subfield code="a">sn2001060537</subfield></datafield><datafield ind1=" " ind2=" " tag="040"><subfield code="a">CNK</subfield><subfield code="b">eng</subfield><subfield code="c">CNK</subfield><subfield code="d">OCLCQ</subfield><subfield code="d">OCLCF</subfield><subfield code="d">OCLCO</subfield></datafield><datafield ind1="1" ind2=" " tag="029"><subfield code="a">AU@</subfield><subfield code="b">000022959621</subfield></datafield><datafield ind1=" " ind2=" " tag="042"><subfield code="a">pcc</subfield></datafield><datafield ind1=" " ind2=" " tag="043"><subfield code="a">n-us-ca</subfield></datafield><datafield ind1="0" ind2=" " tag="130"><subfield code="a">South Coast news (Laguna Beach, Calif. : 1966)</subfield></datafield><datafield ind1="1" ind2="0" tag="245"><subfield code="a">South Coast news.</subfield></datafield><datafield ind1=" " ind2=" " tag="260"><subfield code="a">Laguna Beach, Calif. :</subfield><subfield code="b">William W. Ottaway</subfield></datafield><datafield ind1=" " ind2=" " tag="300"><subfield code="a">v.</subfield></datafield><datafield ind1=" " ind2=" " tag="310"><subfield code="a">Weekly,</subfield><subfield code="b">Oct. 28, 1966-Mar. 30, 1967</subfield></datafield><datafield ind1=" " ind2=" " tag="321"><subfield code="a">Semiweekly,</subfield><subfield code="b">July 15, 1966-Oct. 21, 1966</subfield></datafield><datafield ind1="0" ind2=" " tag="362"><subfield code="a">Vol. 51, no. 56 (July 15, 1966)-v. 52, no. 13 (Mar. 30, 1967).</subfield></datafield><datafield ind1=" " ind2=" " tag="500"><subfield code="a">"Serving El Morro Beach, Laguna Beach, South Laguna, Dana Point, Capistrano Beach, San Juan Capistrano and San Clemente."</subfield></datafield><datafield ind1=" " ind2="0" tag="651"><subfield code="a">Orange County (Calif.)</subfield><subfield code="v">Newspapers.</subfield></datafield><datafield ind1=" " ind2="7" tag="655"><subfield code="a">Newspapers.</subfield><subfield code="2">fast</subfield><subfield code="0">(OCoLC)fst01423814</subfield></datafield><datafield ind1=" " ind2="7" tag="651"><subfield code="a">California</subfield><subfield code="z">Orange County.</subfield><subfield code="2">fast</subfield><subfield code="0">(OCoLC)fst01206289</subfield></datafield><datafield ind1=" " ind2=" " tag="752"><subfield code="a">United States</subfield><subfield code="b">California</subfield><subfield code="c">Orange</subfield><subfield code="d">Laguna Beach.</subfield></datafield><datafield ind1="0" ind2="0" tag="780"><subfield code="t">Laguna Beach South Coast news</subfield><subfield code="w">(DLC)sn2001060536</subfield></datafield><datafield ind1="0" ind2="7" tag="785"><subfield code="t">Laguna Beach post</subfield><subfield code="w">(DLC)sn 94051705</subfield></datafield><datafield ind1="0" ind2="7" tag="785"><subfield code="t">South Coast Laguna news-post</subfield><subfield code="w">(DLC)sn 95061151</subfield></datafield></record>